<?xml version="1.0" encoding="UTF-8"?><collection xmlns="http://www.loc.gov/MARC21/slim"><record><leader>00521nam--2200181-i-4500</leader><controlfield tag="001">000001504</controlfield><controlfield tag="002">20161230</controlfield><controlfield tag="005">20161230201024</controlfield><controlfield tag="008">060222s1000------------r-----000-0-fre-d</controlfield><datafield ind1=" " ind2=" " tag="040"><subfield code="a">IFIN-HH</subfield></datafield><datafield ind1=" " ind2=" " tag="041"><subfield code="a">fre</subfield></datafield><datafield ind1=" " ind2=" " tag="080"><subfield code="a">519.2(043)</subfield></datafield><datafield ind1="1" ind2=" " tag="100"><subfield code="a">Portal, Frederic</subfield></datafield><datafield ind1="1" ind2="0" tag="245"><subfield code="a">Theoremes de grandes deviations pour des mesures aleatoires et application statistique. these</subfield><subfield code="c">Frederic Portal</subfield></datafield><datafield ind1=" " ind2=" " tag="260"><subfield code="a">Orsay, Universite De Paris-sud, 1980</subfield></datafield><datafield ind1=" " ind2=" " tag="300"><subfield code="a">65 P</subfield></datafield><datafield ind1=" " ind2=" " tag="852"><subfield code="a">49699</subfield><subfield code="c">519.2</subfield></datafield><datafield ind1=" " ind2=" " tag="CAT"><subfield code="a">Sys</subfield><subfield code="c">20100608</subfield><subfield code="h">104619</subfield></datafield></record></collection>